@ARTICLE{2010-TOG-gbwc,
	author = {Stelian Coros and Philippe Beaudoin and Michiel van de Panne},
	title = {Generalized Biped Walking Control},
	journal = {ACM Transctions on Graphics},
	year = {2010},
	volume = {29},
	number = {4},
	pages = {Article 130}
}

@article{Yin:2007:SSB:1276377.1276509,
	author = {Yin, KangKang and Loken, Kevin and van de Panne, Michiel},
	title = {SIMBICON: Simple Biped Locomotion Control},
	journal = {ACM Trans. Graph.},
	issue_date = {July 2007},
	volume = {26},
	number = {3},
	month = jul,
	year = {2007},
	issn = {0730-0301},
	articleno = {105},
	url = {http://doi.acm.org/10.1145/1276377.1276509},
	doi = {10.1145/1276377.1276509},
	acmid = {1276509},
	publisher = {ACM},
	address = {New York, NY, USA},
} 

@ARTICLE{5306089, 
	author={S. Cotton and A. P. Murray and P. Fraisse}, 
	journal={IEEE/ASME Transactions on Mechatronics}, 
	title={Estimation of the Center of Mass: From Humanoid Robots to Human Beings}, 
	year={2009}, 
	volume={14}, 
	number={6}, 
	pages={707-712}, 
	keywords={end effectors;humanoid robots;manipulator kinematics;matrix algebra;articulated rigid body system;center-of-mass estimation technique;end effector;force plate;human being;humanoid robot;kinematic architecture;matrix algebra;multilink branched chain;statically-equivalent serial chain representation;Center of mass;estimation;humanoids}, 
	doi={10.1109/TMECH.2009.2032687}, 
	ISSN={1083-4435}, 
	month={Dec},}