



@inproceedings{Macchietto:2009:MCB:1576246.1531386,
	author = {Macchietto, Adriano and Zordan, Victor and Shelton, Christian R.},
	title = {Momentum Control for Balance},
	booktitle = {ACM SIGGRAPH 2009 Papers},
	series = {SIGGRAPH '09},
	year = {2009},
	isbn = {978-1-60558-726-4},
	location = {New Orleans, Louisiana},
	pages = {80:1--80:8},
	articleno = {80},
	numpages = {8},
	url = {http://doi.acm.org/10.1145/1576246.1531386},
	doi = {10.1145/1576246.1531386},
	acmid = {1531386},
	publisher = {ACM},
	address = {New York, NY, USA},
	keywords = {character animation, physics-based animation},
} 

@article{Macchietto:2009:MCB:1531326.1531386,
	author = {Macchietto, Adriano and Zordan, Victor and Shelton, Christian R.},
	title = {Momentum Control for Balance},
	journal = {ACM Trans. Graph.},
	issue_date = {August 2009},
	volume = {28},
	number = {3},
	month = jul,
	year = {2009},
	issn = {0730-0301},
	pages = {80:1--80:8},
	articleno = {80},
	numpages = {8},
	url = {http://doi.acm.org/10.1145/1531326.1531386},
	doi = {10.1145/1531326.1531386},
	acmid = {1531386},
	publisher = {ACM},
	address = {New York, NY, USA},
	keywords = {character animation, physics-based animation},
} 

@Article{Azad2016,
	author="Azad, Morteza
	and Featherstone, Roy",
	title="Angular momentum based balance controller for an under-actuated planar robot",
	journal="Autonomous Robots",
	year="2016",
	volume="40",
	number="1",
	pages="93--107",
	abstract="In this paper, a new control algorithm based on angular momentum is presented for balancing an under-actuated planar robot. The controller is able to stabilize the robot in any unstable balanced configuration in which the robot is controllable, and also it is able to follow a class of arbitrary trajectories without losing balance. Simulation results show the good performance of the controller in balancing and trajectory tracking motions of the robot. The simulations also show that the proposed controller is robust to significant imperfections in the system, such as errors in the controller's dynamic model of the robot and imperfections in the sensors and actuators. The new controller is compared with three existing balance controllers and is shown to equal or outperform them.",
	issn="1573-7527",
	doi="10.1007/s10514-015-9446-z",
	url="http://dx.doi.org/10.1007/s10514-015-9446-z"
}

@INPROCEEDINGS{Wieber2006, 
	author={P. b. Wieber}, 
	booktitle={2006 6th IEEE-RAS International Conference on Humanoid Robots}, 
	title={Trajectory Free Linear Model Predictive Control for Stable Walking in the Presence of Strong Perturbations}, 
	year={2006}, 
	pages={137-142}, 
	keywords={compensation;humanoid robots;infinite horizon;legged locomotion;motion control;nonlinear dynamical systems;predictive control;robot dynamics;stability;ZMP preview control;constrained dynamical systems;contact forces;humanoid walking robot;motion stability;nonlinear dynamical system;optimal control;perturbation compensation;receding horizon control;robot dynamics;trajectory free linear model predictive control;walking movement;walking stability;Control systems;Force control;Humanoid robots;Legged locomotion;Motion control;Nonlinear dynamical systems;Optimal control;Predictive control;Predictive models;Trajectory}, 
	doi={10.1109/ICHR.2006.321375}, 
	ISSN={2164-0572}, 
	month={Dec},}

@INPROCEEDINGS{PrattDilworth1997, 
	author={J. Pratt and P. Dilworth and G. Pratt}, 
	booktitle={Robotics and Automation, 1997. Proceedings., 1997 IEEE International Conference on}, 
	title={Virtual model control of a bipedal walking robot}, 
	year={1997}, 
	volume={1}, 
	pages={193-198 vol.1}, 
	keywords={Jacobian matrices;legged locomotion;mobile robots;motion control;robot dynamics;robot kinematics;bipedal walking robot;high level task specification;imagined mechanical components;low level motion control;motion control language;sensorimotor control;virtual mechanisms;virtual model control;Fluid dynamics;Force control;Leg;Legged locomotion;Mathematical model;Motion control;Orbital robotics;Robot sensing systems;Springs;Torque control}, 
	doi={10.1109/ROBOT.1997.620037}, 
	month={Apr},}


@ARTICLE{2010-TOG-gbwc,
	author = {Stelian Coros and Philippe Beaudoin and Michiel van de Panne},
	title = {Generalized Biped Walking Control},
	journal = {ACM Transctions on Graphics},
	year = {2010},
	volume = {29},
	number = {4},
	pages = {Article 130}
}

@article{Yin:2007:SSB:1276377.1276509,
	author = {Yin, KangKang and Loken, Kevin and van de Panne, Michiel},
	title = {SIMBICON: Simple Biped Locomotion Control},
	journal = {ACM Trans. Graph.},
	issue_date = {July 2007},
	volume = {26},
	number = {3},
	month = jul,
	year = {2007},
	issn = {0730-0301},
	articleno = {105},
	url = {http://doi.acm.org/10.1145/1276377.1276509},
	doi = {10.1145/1276377.1276509},
	acmid = {1276509},
	publisher = {ACM},
	address = {New York, NY, USA},
} 